% All the correct entries for these types (book, article, etc.) can be found in the biblatex manual.
@book{latex-intro,
    author = {Kottwitz, S.},
    title = {LaTeX Beginner's Guide},
    date = {2011-03-01},
%    editor,
%    editora, 
%    editorb, 
%    editorc, 
%    translator,
%    annotator, 
%    commentator, 
%    introduction, 
%    foreword, 
%    afterword,
%    subtitle, 
%    titleaddon, 
%    maintitle, 
%    mainsubtitle, 
%    maintitleaddon,
%    language, 
%    origlanguage, 
%    volume, 
%    part, 
%    edition, 
%    volumes, 
%    series,
%    number, 
%    note, 
    publisher = {Packt Publishing Ltd.}, 
    location = {Birmingham, U.K.}, 
    isbn = {9781801078658}, 
%    eid, 
%    chapter, 
%    pages,
%    pagetotal, 
%    addendum, 
%    pubstate, 
%    doi, 
%    eprint, 
%    eprintclass,
%    eprinttype, 
%    url, 
%    urldate
}